
@inproceedings{aw2018analyzing,
	title={Analyzing Preferential Attachment in Peer-to-Peer BITCOIN Networks},
	author={Aw, Ee Hong and Gera, Ralucca and Hicks, Kenneth and Koeppen, Nicholas and Teska, Christopher},
	booktitle={2018 IEEE/ACM International Conference on Advances in Social Networks Analysis and Mining (ASONAM)},
	pages={1242--1249},
	year={2018},
	organization={IEEE}
}

@inproceedings{kumar2016edge,
	title={Edge weight prediction in weighted signed networks},
	author={Kumar, Srijan and Spezzano, Francesca and Subrahmanian, VS and Faloutsos, Christos},
	booktitle={2016 IEEE 16th International Conference on Data Mining (ICDM)},
	pages={221--230},
	year={2016},
	organization={IEEE}
}
