
@inproceedings{aw2018analyzing,
	title={Analyzing Preferential Attachment in Peer-to-Peer BITCOIN Networks},
	author={Aw, Ee Hong and Gera, Ralucca and Hicks, Kenneth and Koeppen, Nicholas and Teska, Christopher},
	booktitle={2018 IEEE/ACM International Conference on Advances in Social Networks Analysis and Mining (ASONAM)},
	pages={1242--1249},
	year={2018},
	organization={IEEE}
}

@inproceedings{kumar2016edge,
	title={Edge weight prediction in weighted signed networks},
	author={Kumar, Srijan and Spezzano, Francesca and Subrahmanian, VS and Faloutsos, Christos},
	booktitle={2016 IEEE 16th International Conference on Data Mining (ICDM)},
	pages={221--230},
	year={2016},
	organization={IEEE}
}

@article{javarone2018bitcoin,
	title={From Bitcoin to Bitcoin Cash: a network analysis},
	author={Javarone, Marco Alberto and Wright, Craig Steven},
	journal={arXiv preprint arXiv:1804.02350},
	year={2018}
}

@article{yan2018periphery,
	title={From the periphery to the center: information brokerage in an evolving network},
	author={Yan, Bo and Liu, Yiping and Liu, Jiamou and Cai, Yijin and Su, Hongyi and Zheng, Hong},
	journal={arXiv preprint arXiv:1805.00751},
	year={2018}
}