
@inproceedings{aw2018analyzing,
	title={Analyzing Preferential Attachment in Peer-to-Peer BITCOIN Networks},
	author={Aw, Ee Hong and Gera, Ralucca and Hicks, Kenneth and Koeppen, Nicholas and Teska, Christopher},
	booktitle={2018 IEEE/ACM International Conference on Advances in Social Networks Analysis and Mining (ASONAM)},
	pages={1242--1249},
	year={2018},
	organization={IEEE}
}

@inproceedings{kumar2016edge,
	title={Edge weight prediction in weighted signed networks},
	author={Kumar, Srijan and Spezzano, Francesca and Subrahmanian, VS and Faloutsos, Christos},
	booktitle={2016 IEEE 16th International Conference on Data Mining (ICDM)},
	pages={221--230},
	year={2016},
	organization={IEEE}
}
@article{javarone2018bitcoin,
	title={From Bitcoin to Bitcoin Cash: a network analysis},
	author={Javarone, Marco Alberto and Wright, Craig Steven},
	journal={arXiv preprint arXiv:1804.02350},
	year={2018}
}
@article{yan2018periphery,
	title={From the periphery to the center: information brokerage in an evolving network},
	author={Yan, Bo and Liu, Yiping and Liu, Jiamou and Cai, Yijin and Su, Hongyi and Zheng, Hong},
	journal={arXiv preprint arXiv:1805.00751},
	year={2018}
}
@misc{snapnets,
  author       = {Jure Leskovec and Andrej Krevl},
  title        = {{SNAP Datasets}: {Stanford} Large Network Dataset Collection},
  howpublished = {\url{http://snap.stanford.edu/data}},
  month        = jun,
  year         = 2014
}
@misc{nakamoto2008bitcoin,
  title={Bitcoin: A peer-to-peer electronic cash system},
  author={Nakamoto, Satoshi},
  year={2008}
}
@misc{wpow,
  title={What is Proof of Work},
  howpublished = "\url{https://www.bitcoinmining.com/what-is-proof-of-work/}",
  note = "[Last; accessed December-11]"
}
@misc{blkchaindiag,
  title={blockchain diagram},
  howpublished = "\url{https://upload.wikimedia.org/wikipedia/commons/5/55/Bitcoin_Block_Data.svg}",
  note = "[Last; accessed December-11]"
}
@inproceedings{luu2015demystifying,
  title={Demystifying incentives in the consensus computer},
  author={Luu, Loi and Teutsch, Jason and Kulkarni, Raghav and Saxena, Prateek},
  booktitle={Proceedings of the 22nd ACM SIGSAC Conference on Computer and Communications Security},
  pages={706--719},
  year={2015},
  organization={ACM}
}
@article{moindrot2017trust,
  title={Trust in Bitcoin Exchange Networks},
  author={Moindrot, Olivier},
  year={2017}
}
@article{nakamoto2008bitcoin,
  title={Bitcoin: A peer-to-peer electronic cash system},
  author={Nakamoto, Satoshi and others},
  year={2008},
  publisher={Working Paper}
}
@misc{wood2018secure,
  title={A Secure Decentralised Generalised Transaction Ledger},
  author={Wood, ETHEREUM},
  year={2018}
}
@inproceedings{romero2016social,
  title={Social networks under stress},
  author={Romero, Daniel M and Uzzi, Brian and Kleinberg, Jon},
  booktitle={Proceedings of the 25th International Conference on World Wide Web},
  pages={9--20},
  year={2016},
  organization={International World Wide Web Conferences Steering Committee}
}
@article{kondor2014inferring,
  title={Inferring the interplay between network structure and market effects in Bitcoin},
  author={Kondor, D{\'a}niel and Csabai, Istv{\'a}n and Sz{\"u}le, J{\'a}nos and P{\'o}sfai, M{\'a}rton and Vattay, G{\'a}bor},
  journal={New Journal of Physics},
  volume={16},
  number={12},
  pages={125003},
  year={2014},
  publisher={IOP Publishing}
}
@inproceedings{kamvar2003eigentrust,
  title={The eigentrust algorithm for reputation management in p2p networks},
  author={Kamvar, Sepandar D and Schlosser, Mario T and Garcia-Molina, Hector},
  booktitle={Proceedings of the 12th international conference on World Wide Web},
  pages={640--651},
  year={2003},
  organization={ACM}
}
@inproceedings{katz2006social,
  title={Social network-based trust in prioritized default logic},
  author={Katz, Yarden and Golbeck, Jennifer},
  booktitle={AAAI},
  volume={6},
  pages={1345--1350},
  year={2006}
}
@article{liben2007link,
  title={The link-prediction problem for social networks},
  author={Liben-Nowell, David and Kleinberg, Jon},
  journal={Journal of the American society for information science and technology},
  volume={58},
  number={7},
  pages={1019--1031},
  year={2007},
  publisher={Wiley Online Library}
}
@inproceedings{al2006link,
  title={Link prediction using supervised learning},
  author={Al Hasan, Mohammad and Chaoji, Vineet and Salem, Saeed and Zaki, Mohammed},
  booktitle={SDM06: workshop on link analysis, counter-terrorism and security},
  year={2006}
}
@inproceedings{davis2011multi,
  title={Multi-relational link prediction in heterogeneous information networks},
  author={Davis, Darcy and Lichtenwalter, Ryan and Chawla, Nitesh V},
  booktitle={2011 International Conference on Advances in Social Networks Analysis and Mining},
  pages={281--288},
  year={2011},
  organization={IEEE}
}
@article{popov2016tangle,
  title={The tangle},
  author={Popov, Serguei},
  journal={cit. on},
  pages={131},
  year={2016}
}

@misc{tangle,
  title={IOTA: Is it worth one iota?},
  howpublished = "\url{https://steemit.com/iota/@wolfofcrypto/iota-is-it-worth-one-iota}",
  note = "[Last; accessed December-11]"
}